<record><leader>00000cas a22000007a 4500</leader><controlfield tag="001">14236602</controlfield><controlfield tag="008">860919c19029999txuwr ne      0    0eng d</controlfield><datafield ind1=" " ind2=" " tag="010"><subfield code="a">sn 86089266 </subfield></datafield><datafield ind1=" " ind2=" " tag="040"><subfield code="a">PPM</subfield><subfield code="b">eng</subfield><subfield code="c">PPM</subfield><subfield code="d">OCLCQ</subfield></datafield><datafield ind1=" " ind2=" " tag="042"><subfield code="a">msc</subfield></datafield><datafield ind1="0" ind2="0" tag="245"><subfield code="a">Sterling City news-record.</subfield></datafield><datafield ind1=" " ind2=" " tag="260"><subfield code="a">Sterling City, Tex. :</subfield><subfield code="b">W.F. Kellis</subfield></datafield><datafield ind1=" " ind2=" " tag="300"><subfield code="a">v. :</subfield><subfield code="b">ill. ;</subfield><subfield code="c">56 cm.</subfield></datafield><datafield ind1=" " ind2=" " tag="310"><subfield code="a">Weekly</subfield></datafield><datafield ind1="1" ind2=" " tag="362"><subfield code="a">Began in 1902?</subfield></datafield><datafield ind1=" " ind2=" " tag="580"><subfield code="a">Formed by the union of: Sterling City news, and: Sterling City record.</subfield></datafield><datafield ind1=" " ind2=" " tag="588"><subfield code="a">Description based on: Vol. 7, no. 40 (Sept. 20, 1907).</subfield></datafield><datafield ind1=" " ind2=" " tag="752"><subfield code="a">United States</subfield><subfield code="b">Texas</subfield><subfield code="c">Sterling</subfield><subfield code="d">Sterling City.</subfield></datafield><datafield ind1="1" ind2="4" tag="780"><subfield code="t">Sterling City news</subfield></datafield><datafield ind1="1" ind2="4" tag="780"><subfield code="t">Sterling City record</subfield></datafield></record>